<record><leader>00000cas a2200000 a 4500</leader><controlfield tag="001">1681143</controlfield><controlfield tag="008">751007d19411994nduwr ne      0    0eng c</controlfield><datafield ind1=" " ind2=" " tag="010"><subfield code="a">sn 89074083 </subfield></datafield><datafield ind1=" " ind2=" " tag="040"><subfield code="a">MUL</subfield><subfield code="b">eng</subfield><subfield code="c">MUL</subfield><subfield code="d">NOP</subfield><subfield code="d">DLC</subfield><subfield code="d">NSD</subfield><subfield code="d">NOP</subfield><subfield code="d">OCLCQ</subfield><subfield code="d">OCLCF</subfield><subfield code="d">OCLCO</subfield></datafield><datafield ind1="1" ind2=" " tag="029"><subfield code="a">AU@</subfield><subfield code="b">000025871223</subfield></datafield><datafield ind1=" " ind2=" " tag="042"><subfield code="a">pcc</subfield></datafield><datafield ind1=" " ind2=" " tag="043"><subfield code="a">n-us-nd</subfield></datafield><datafield ind1="0" ind2="4" tag="245"><subfield code="a">The Slope messenger.</subfield></datafield><datafield ind1=" " ind2=" " tag="260"><subfield code="a">Marmarth, N.D. :</subfield><subfield code="b">E.C. Rundle,</subfield><subfield code="c">1941-1994.</subfield></datafield><datafield ind1=" " ind2=" " tag="300"><subfield code="a">v. :</subfield><subfield code="b">ill. ;</subfield><subfield code="c">57 cm.</subfield></datafield><datafield ind1=" " ind2=" " tag="310"><subfield code="a">Weekly</subfield></datafield><datafield ind1="0" ind2=" " tag="362"><subfield code="a">Vol. 5, no. 25 (Jan. 2, 1941)-v. 59, no. 30 (Mar. 10, 1994).</subfield></datafield><datafield ind1=" " ind2=" " tag="500"><subfield code="a">Place of publication varies: Marmarth, N.D., Jan. 2, 1941-May 10, 1945; New England, N.D., May 17, 1945-Mar. 10, 1994. [Editorial offices remained in Marmarth until Dec. 27, 1953.].</subfield></datafield><datafield ind1=" " ind2=" " tag="500"><subfield code="a">"The official paper for Slope County, City of Marmarth, and County School Districts."</subfield></datafield><datafield ind1=" " ind2=" " tag="500"><subfield code="a">Supplement to Apr. 15, 1943: "Victory gardeners' guide."</subfield></datafield><datafield ind1=" " ind2=" " tag="530"><subfield code="a">Available on microfilm from the State Historical Society of North Dakota.</subfield></datafield><datafield ind1=" " ind2=" " tag="580"><subfield code="a">Merged with: Hettinger County herald; and: Mott pioneer press; to form: Herald (New England, N.D.).</subfield></datafield><datafield ind1=" " ind2="0" tag="651"><subfield code="a">New England (N.D.)</subfield><subfield code="v">Newspapers.</subfield></datafield><datafield ind1=" " ind2="0" tag="651"><subfield code="a">Marmarth (N.D.)</subfield><subfield code="v">Newspapers.</subfield></datafield><datafield ind1=" " ind2="7" tag="655"><subfield code="a">Newspapers.</subfield><subfield code="2">fast</subfield><subfield code="0">(OCoLC)fst01423814</subfield></datafield><datafield ind1=" " ind2="7" tag="651"><subfield code="a">North Dakota</subfield><subfield code="z">Marmarth.</subfield><subfield code="2">fast</subfield><subfield code="0">(OCoLC)fst01284828</subfield></datafield><datafield ind1=" " ind2="7" tag="651"><subfield code="a">North Dakota</subfield><subfield code="z">New England.</subfield><subfield code="2">fast</subfield><subfield code="0">(OCoLC)fst01251732</subfield></datafield><datafield ind1=" " ind2=" " tag="752"><subfield code="a">United States</subfield><subfield code="b">North Dakota</subfield><subfield code="c">Hettinger</subfield><subfield code="d">New England.</subfield></datafield><datafield ind1=" " ind2=" " tag="752"><subfield code="a">United States</subfield><subfield code="b">North Dakota</subfield><subfield code="c">Slope</subfield><subfield code="d">Marmarth.</subfield></datafield><datafield ind1="0" ind2="4" tag="780"><subfield code="t">Slope County post</subfield><subfield code="w">(DLC)sn 89074080</subfield><subfield code="w">(OCoLC)19507924</subfield></datafield><datafield ind1="0" ind2="4" tag="780"><subfield code="t">Marmarth messenger</subfield><subfield code="w">(DLC)sn 89074082</subfield><subfield code="w">(OCoLC)19508124</subfield></datafield><datafield ind1="0" ind2="5" tag="780"><subfield code="t">Rhame review</subfield><subfield code="w">(DLC)sn 88076395</subfield><subfield code="w">(OCoLC)19706967</subfield></datafield><datafield ind1="1" ind2="7" tag="785"><subfield code="t">Hettinger County herald</subfield><subfield code="w">(DLC)sn 89074104</subfield><subfield code="w">(OCoLC)1752039</subfield></datafield><datafield ind1="1" ind2="7" tag="785"><subfield code="t">Mott pioneer press</subfield><subfield code="w">(DLC)sn 89074102</subfield><subfield code="w">(OCoLC)1758776</subfield></datafield><datafield ind1="1" ind2="7" tag="785"><subfield code="t">Herald (New England, N.D.)</subfield><subfield code="x">1075-7546</subfield><subfield code="w">(DLC)sn 94049962</subfield><subfield code="w">(OCoLC)30136191</subfield></datafield></record>